<?xml version='1.0'?>
<collection xmlns='http://www.loc.gov/MARC21/slim' xmlns:xsi='http://www.w3.org/2001/XMLSchema-instance' xsi:schemaLocation='http://www.loc.gov/MARC21/slim http://www.loc.gov/standards/marcxml/schema/MARC21slim.xsd'>
  <record>
    <leader>00000nam a2200277Ia 4500</leader>
      <controlfield tag='008'>820301s1932    gw f          000 0 ger d</controlfield>
      <controlfield tag='001'>8202174</controlfield>
      <controlfield tag='005'>20011017113006.0</controlfield>
      <datafield ind1=' ' ind2=' ' tag='040'>
        <subfield code='a'>IBV</subfield>
        <subfield code='c'>IBV</subfield>
        <subfield code='d'>NOC</subfield>
      </datafield>
      <datafield ind1='1' ind2=' ' tag='100'>
        <subfield code='a'>Mozart, Wolfgang Amadeus,</subfield>
        <subfield code='d'>1756-1791.</subfield>
      </datafield>
      <datafield ind1='1' ind2='0' tag='245'>
        <subfield code='a'>Musikmanuskripte Wolfgang Amadeus Mozarts :</subfield>
        <subfield code='b'>aus dem Besitz von André Erben ; Zweiter und letzter Teil ... ; Versteigerung: ... den 9. Dezember 1932 ... durch Leo Liepmannssohn, Antiquariat, Berlin ... /</subfield>
        <subfield code='c'>beschreibendes Verzeichnis von Johannes Kahn ; Einleitung von Dr. Alfred Einstein.</subfield>
      </datafield>
      <datafield ind1=' ' ind2=' ' tag='260'>
        <subfield code='a'>Berlin :</subfield>
        <subfield code='b'>Leo Liepmannssohn, Antiquariat,</subfield>
        <subfield code='c'>1932.</subfield>
      </datafield>
      <datafield ind1=' ' ind2=' ' tag='300'>
        <subfield code='a'>34 p., [5] leaves of plates ;</subfield>
        <subfield code='c'>24 cm.</subfield>
      </datafield>
      <datafield ind1=' ' ind2=' ' tag='500'>
        <subfield code='a'>Prices added in ms.</subfield>
      </datafield>
      <datafield ind1=' ' ind2='0' tag='650'>
        <subfield code='a'>Music</subfield>
        <subfield code='x'>Manuscripts.</subfield>
      </datafield>
      <datafield ind1='1' ind2=' ' tag='700'>
        <subfield code='a'>André.</subfield>
        <subfield code='g'>heirs of.</subfield>
      </datafield>
      <datafield ind1='1' ind2=' ' tag='700'>
        <subfield code='a'>Kahn, Johannes.</subfield>
      </datafield>
      <datafield ind1='1' ind2=' ' tag='700'>
        <subfield code='a'>Einstein, Alfred,</subfield>
        <subfield code='d'>1880-1952.</subfield>
      </datafield>
      <datafield ind1='2' ind2=' ' tag='710'>
        <subfield code='a'>Leo Liepmannssohn (Firm)</subfield>
      </datafield>
      <datafield ind1=' ' ind2=' ' tag='907'>
        <subfield code='a'>b4069204</subfield>
      </datafield>
      <datafield ind1='9' ind2='1' tag='999'>
        <subfield code='i'>i5586083</subfield>
        <subfield code='l'>trln</subfield>
        <subfield code='s'>-</subfield>
        <subfield code='t'>0</subfield>
        <subfield code='c'>1</subfield>
        <subfield code='o'>0</subfield>
        <subfield code='b'>00022963349</subfield>
        <subfield code='p'>092##</subfield>
        <subfield code='q'>|a781.9733 M939a2</subfield>
      </datafield>
      <datafield ind1='0' ind2='0' tag='999'>
        <subfield code='a'>2004-10-01 00:00:00-04</subfield>
        <subfield code='c'>2004-10-06 23:04:00-04</subfield>
        <subfield code='u'>2017-04-03 20:41:15-04</subfield>
      </datafield>
  </record>
</collection>
